@string{and = { and }}

@string{axch = {Alexey Radul}}
@string{gjs = {Gerald Jay Sussman}}
@string{gls = {Guy L. {Steele Jr.}}}
@string{cph = {Chris Hanson}}
@string{alan-borning = {Alan H. Borning}}
@string{dam = {David Allen McAllester}}
@string{zabih = {Ramin Zabih}}
@string{rms = {Richard Matthew Stallman}}
@string{johan-dekleer = {Johan {de Kleer}}}
@string{clinger = {William D. Clinger}}
@string{shriram = {Shriram Krishnamurthi}}
@string{greg-cooper = {Gregory H. Cooper}}
@string{spj = {Simon L. Peyton Jones}}
@string{wadler = {Philip Wadler}}
@string{koller = {D. Koller}}
@string{pfeffer = {Avi Pfeffer}}
@string{paul-hudak = {Paul Hudak}}
@string{conal-elliott = {Conal Elliott}}

@string{mit = {Massachusetts Institute of Technology}}
@string{ailab = {MIT Artificial Intelligence Laboratory}}
@string{csail = {MIT Computer Science and Artificial Intelligence Laboratory}}
@string{mit-press = {MIT Press}}
@string{mit-address = {Cambridge, MA}}
@string{cambridge-u-press = {Cambridge University Press}}
@string{cambridge-u-address = {Cambridge, UK}}
%% TODO Hack to get the address of the ACM rather than of the conferences
%% they sponsor
@string{acm = {Association for Computing Machinery, New York, NY}}
@string{new-york = ""}

@techreport{art,
  title	    = {{The Art of the Propagator}},
  author    = axch # and # gjs,
  year	    = 2009,
  institution= csail,
  type	    = {CSAIL Tech Report},
  number    = {MIT-CSAIL-TR-2009-002},
  note	    = {\url{http://hdl.handle.net/1721.1/44215}},
  publisher = mit,
  address   = mit-address
}

@phdthesis{art-thesis,
  author    = axch,
  title	    = {{Propagation Networks: A Flexible and Expressive
                Substrate for Computation}},
  school    = mit,
  year	    = 2009,
  address   = mit-address,
  month	    = sep,
  note	    = {\url{http://hdl.handle.net/1721.1/49525}}
}

@article{mcbride-paterson-2008-applicative-functors,
  title	    = {{Applicative programming with effects}},
  author    = {McBride, Conor and Paterson, Ross},
  journal   = {Journal of Functional Programming},
  volume    = 18,
  number    = 1,
  pages	    = {1-13},
  year	    = 2008,
  publisher = {Cambridge University Press, 32 Avenue of the Americas
                New York NY 10013-2473 USA}
}
